<?xml version="1.0" encoding="UTF-8" ?>
<collection xmlns:xsi="http://www.w3.org/2001/XMLSchema-instance"
    xsi:schemaLocation="http://www.loc.gov/MARC21/slim
        http://www.loc.gov/standards/marcxml/schema/MARC21slim.xsd"
    xmlns="http://www.loc.gov/MARC21/slim">
<record>
  <leader>00257cam a2200493 i 4500</leader>
  <controlfield tag="001">b12652970</controlfield>
  <controlfield tag="003">LeBAU</controlfield>
  <controlfield tag="005">20140721</controlfield>
  <controlfield tag="008">970915s1906    ua            ||0 0 ara d</controlfield>
  <datafield tag="035" ind1=" " ind2=" ">
    <subfield code="a">ocn784450230</subfield>
  </datafield>
  <datafield tag="040" ind1=" " ind2=" ">
    <subfield code="a">LEAUB</subfield>
    <subfield code="b">ara</subfield>
    <subfield code="e">rda</subfield>
    <subfield code="c">LEAUB</subfield>
    <subfield code="d">LEAUB</subfield>
  </datafield>
  <datafield tag="082" ind1="0" ind2="4">
    <subfield code="a">922.97</subfield>
    <subfield code="2">20</subfield>
  </datafield>
  <datafield tag="100" ind1="0" ind2=" ">
    <subfield code="6">880-01</subfield>
    <subfield code="a">Muḥammad ʻAbd al-Ḥayy,</subfield>
    <subfield code="d">1848-1886 or 1887,</subfield>
    <subfield code="e">author.</subfield>
  </datafield>
  <datafield tag="245" ind1="1" ind2="0">
    <subfield code="6">880-02</subfield>
    <subfield code="a">Kitāb al-Fawāʼid al-bahīyah fī tarājim al-Ḥanafīyah ;</subfield>
    <subfield code="b">maʻa al-Taʻlīqāt al-sanīyah ʻalá al-Fawāʼid al-bahīyah /</subfield>
    <subfield code="c">taʼlīf al-‘allāmah Abī al-Ḥasanāt Muḥammad ʻAbd al-Ḥayy al-Laknawī al-Hindī ; ʻuniya bītaṣḥīḥihi wā-taʻlīq baʻḍ al-zawāʼid ʻalayh al-Sayyid Muḥammad Badr al-Dīn Abū Firās al-Naʻsānī.</subfield>
  </datafield>
  <datafield tag="246" ind1="3" ind2="0">
    <subfield code="6">880-03</subfield>
    <subfield code="a">al-Fawāʼid al-bahīyah fī tarājim al-Ḥanafīyah</subfield>
  </datafield>
  <datafield tag="250" ind1=" " ind2=" ">
    <subfield code="6">880-04</subfield>
    <subfield code="a">al-Ṭab‘ah al-ūlá.</subfield>
  </datafield>
  <datafield tag="264" ind1=" " ind2="1">
    <subfield code="6">880-05</subfield>
    <subfield code="a">Miṣr :</subfield>
    <subfield code="b">Maṭba‘t al-Sa‘ādah,</subfield>
    <subfield code="c">1324 [H.], [1906? M.]</subfield>
  </datafield>
  <datafield tag="300" ind1=" " ind2=" ">
    <subfield code="6">880-06</subfield>
    <subfield code="a">249 pages ;</subfield>
    <subfield code="c">25 cm</subfield>
  </datafield>
  <datafield tag="336" ind1=" " ind2=" ">
    <subfield code="a">text</subfield>
    <subfield code="b">txt</subfield>
    <subfield code="2">rdacontent</subfield>
  </datafield>
  <datafield tag="337" ind1=" " ind2=" ">
    <subfield code="a">unmediated</subfield>
    <subfield code="b">n</subfield>
    <subfield code="2">rdamedia</subfield>
  </datafield>
  <datafield tag="338" ind1=" " ind2=" ">
    <subfield code="a">volume</subfield>
    <subfield code="b">nc</subfield>
    <subfield code="2">rdacarrier</subfield>
  </datafield>
  <datafield tag="500" ind1=" " ind2=" ">
    <subfield code="a">"على نفقة أحمد ناجي الجمالي ومحمد أمين الخانجي الكتبي وأخيه"--صفحة العنوان.</subfield>
  </datafield>
  <datafield tag="650" ind1=" " ind2="4">
    <subfield code="a">الاسلام</subfield>
    <subfield code="v">تراجم.</subfield>
  </datafield>
  <datafield tag="650" ind1=" " ind2="4">
    <subfield code="a">المذهب الحنفي</subfield>
    <subfield code="v">تراجم.</subfield>
  </datafield>
  <datafield tag="650" ind1=" " ind2="4">
    <subfield code="a">الفقهاء</subfield>
    <subfield code="v">تراجم.</subfield>
  </datafield>
  <datafield tag="650" ind1=" " ind2="0">
    <subfield code="a">Islam</subfield>
    <subfield code="v">Biography.</subfield>
  </datafield>
  <datafield tag="650" ind1=" " ind2="0">
    <subfield code="a">Hanafites</subfield>
    <subfield code="v">Biography.</subfield>
  </datafield>
  <datafield tag="650" ind1=" " ind2="0">
    <subfield code="a">Muslim scholars</subfield>
    <subfield code="v">Biography.</subfield>
  </datafield>
  <datafield tag="700" ind1="1" ind2=" ">
    <subfield code="6">880-07</subfield>
    <subfield code="a">Ḥalabī, Muḥammad Badr al-Dīn al-Naʻsānī,</subfield>
    <subfield code="e">compiler.</subfield>
  </datafield>
  <datafield tag="700" ind1="0" ind2="2">
    <subfield code="6">880-08</subfield>
    <subfield code="a">Muḥammad ʻAbd al-Ḥayy,</subfield>
    <subfield code="d">1848-1886 or 1887.</subfield>
    <subfield code="t">Taʻlīqāt al-sanīyah ʻalá al-Fawāʼid al-bahīyah.</subfield>
  </datafield>
  <datafield tag="852" ind1=" " ind2=" ">
    <subfield code="a">Jafet Library</subfield>
    <subfield code="e">American University of Beirut, Bliss Street , Beirut, Lebanon.</subfield>
  </datafield>
  <datafield tag="880" ind1="0" ind2=" ">
    <subfield code="6">100-01/(3/r</subfield>
    <subfield code="a">محمد عبد الحي،</subfield>
    <subfield code="d">1848-1886 او 1887،</subfield>
    <subfield code="e">مؤلف. </subfield>
    <subfield code="4">aut.</subfield>
  </datafield>
  <datafield tag="880" ind1="1" ind2="0">
    <subfield code="6">245-02/(3/r</subfield>
    <subfield code="a">كتاب الفوائد البهية في تراجم الحنفية ؛</subfield>
    <subfield code="b">مع التعليقات السنية على الفوائد البهية /</subfield>
    <subfield code="c">تأليف العلامة أبي الحسنات محمد عبد الحي اللكنوي الهندي ؛ عني بتصحيحه وتعليق بعض الزوائد عليه السيد محمد بدر الدين أبو فراس النعساني.</subfield>
  </datafield>
  <datafield tag="880" ind1="3" ind2="0">
    <subfield code="6">246-03/(3/r</subfield>
    <subfield code="a">الفوائد البهية في تراجم الحنفية</subfield>
  </datafield>
  <datafield tag="880" ind1=" " ind2=" ">
    <subfield code="6">250-04/(3/r</subfield>
    <subfield code="a">الطبعة الأولى.</subfield>
  </datafield>
  <datafield tag="880" ind1=" " ind2="1">
    <subfield code="6">264-05/(3/r</subfield>
    <subfield code="a">مصر :</subfield>
    <subfield code="b">مطبعة السعادة،</subfield>
    <subfield code="c">1324 [هـ.]، [1906؟ م.]</subfield>
  </datafield>
  <datafield tag="880" ind1=" " ind2=" ">
    <subfield code="6">300-06/(3/r</subfield>
    <subfield code="a">249 صفحة ؛</subfield>
    <subfield code="c">25 سم</subfield>
  </datafield>
  <datafield tag="880" ind1="1" ind2=" ">
    <subfield code="6">700-07/(3/r</subfield>
    <subfield code="a">الحلبي، محمد بدر الدين النعساني،</subfield>
    <subfield code="e">معد. </subfield>
    <subfield code="4">com.</subfield>
  </datafield>
  <datafield tag="880" ind1="0" ind2="2">
    <subfield code="6">700-08/(3/r</subfield>
    <subfield code="a">محمد عبد الحي،</subfield>
    <subfield code="d">1848-1886 او 1887.</subfield>
    <subfield code="t">التعليقات السنية على الفوائد البهية.</subfield>
  </datafield>
  <datafield tag="907" ind1=" " ind2=" ">
    <subfield code="a">.b12652970</subfield>
    <subfield code="b">16-12-02</subfield>
    <subfield code="c">11-05-24</subfield>
  </datafield>
  <datafield tag="907" ind1=" " ind2=" ">
    <subfield code="a">.b12652970</subfield>
    <subfield code="b">11-10-11</subfield>
    <subfield code="c">11-05-24</subfield>
  </datafield>
  <datafield tag="945" ind1=" " ind2=" ">
    <subfield code="f">J</subfield>
    <subfield code="a">922.97:L19fA:c.1</subfield>
    <subfield code="g">1</subfield>
    <subfield code="i">01048856</subfield>
    <subfield code="j">.i13183291</subfield>
    <subfield code="l">u0503</subfield>
  </datafield>
  <datafield tag="945" ind1=" " ind2=" ">
    <subfield code="f">J</subfield>
    <subfield code="a">922.97:L19fA:c.2</subfield>
    <subfield code="g">1</subfield>
    <subfield code="i">01048857</subfield>
    <subfield code="j">.i13183308</subfield>
    <subfield code="l">u0503</subfield>
  </datafield>
  <datafield tag="998" ind1=" " ind2=" ">
    <subfield code="a">u05</subfield>
    <subfield code="b">97-09-15</subfield>
    <subfield code="c">m</subfield>
    <subfield code="d">a</subfield>
    <subfield code="e">-</subfield>
    <subfield code="f">ara</subfield>
    <subfield code="g">ua </subfield>
    <subfield code="h">0</subfield>
    <subfield code="i">2</subfield>
  </datafield>
</record>
</collection>
